<record><leader>00000cas a2200000 a 4500</leader><controlfield tag="001">9681350</controlfield><controlfield tag="008">830708d19721973caumr ne      0   a0eng c</controlfield><datafield ind1=" " ind2=" " tag="010"><subfield code="a">sn 95063010 </subfield></datafield><datafield ind1=" " ind2=" " tag="040"><subfield code="a">WIH</subfield><subfield code="b">eng</subfield><subfield code="c">WIH</subfield><subfield code="d">CNW</subfield><subfield code="d">CNK</subfield><subfield code="d">CVF</subfield><subfield code="d">NYS</subfield><subfield code="d">OCLCQ</subfield><subfield code="d">CUV</subfield><subfield code="d">OCLCQ</subfield><subfield code="d">OCLCF</subfield><subfield code="d">DLC</subfield><subfield code="d">OCL</subfield></datafield><datafield ind1="0" ind2=" " tag="022"><subfield code="a">2471-478X</subfield><subfield code="2">1</subfield></datafield><datafield ind1=" " ind2=" " tag="042"><subfield code="a">pcc</subfield><subfield code="a">nsdp</subfield></datafield><datafield ind1=" " ind2=" " tag="043"><subfield code="a">n-us-ca</subfield></datafield><datafield ind1="0" ind2="0" tag="050"><subfield code="a">Newspaper</subfield></datafield><datafield ind1="1" ind2="0" tag="082"><subfield code="a">322.44</subfield><subfield code="2">23</subfield></datafield><datafield ind1="0" ind2=" " tag="130"><subfield code="a">War bulletin (Berkeley, Calif. Print)</subfield></datafield><datafield ind1=" " ind2="4" tag="222"><subfield code="a">The war bulletin</subfield><subfield code="b">(Berkeley, Calif. Print)</subfield></datafield><datafield ind1="1" ind2="4" tag="245"><subfield code="a">The war bulletin.</subfield></datafield><datafield ind1=" " ind2=" " tag="260"><subfield code="a">[Berkeley, Calif.] :</subfield><subfield code="b">Bay Area April 22 Coalition,</subfield><subfield code="c">1972-1973.</subfield></datafield><datafield ind1=" " ind2=" " tag="300"><subfield code="a">2 v. :</subfield><subfield code="b">ill. ;</subfield><subfield code="c">45 cm.</subfield></datafield><datafield ind1=" " ind2=" " tag="310"><subfield code="a">Monthly,</subfield><subfield code="b">1973</subfield></datafield><datafield ind1=" " ind2=" " tag="321"><subfield code="a">Weekly,</subfield><subfield code="b">Apr. 13-Aug. 25, 1972</subfield></datafield><datafield ind1=" " ind2=" " tag="321"><subfield code="a">Biweekly,</subfield><subfield code="b">&lt;Aug. 1972-Jan. 5/13, 1973&gt;</subfield></datafield><datafield ind1="0" ind2=" " tag="362"><subfield code="a">[No. 1] (Apr. 13, 1972)-no. 22 (Feb. 1-14, 1973).</subfield></datafield><datafield ind1=" " ind2=" " tag="500"><subfield code="a">Published in Berkeley, Calif., Apr. 21, 1972-</subfield></datafield><datafield ind1=" " ind2=" " tag="515"><subfield code="a">Includes special issues: Aug. 1972; Aug./Sept. 1972; Oct./Nov. 1972.</subfield></datafield><datafield ind1=" " ind2=" " tag="530"><subfield code="a">Available on microfilm from Bell &amp; Howell (Underground newspaper collection).</subfield></datafield><datafield ind1=" " ind2=" " tag="550"><subfield code="a">Published by the Asia Information Group, Oct.-Nov. 1972-1973.</subfield></datafield><datafield ind1=" " ind2=" " tag="580"><subfield code="a">Regional ed.: War bulletin (Chicago, Ill.) Eds. also available for New York and Los Angeles, &lt;Jan. 5/18, 1973-&gt;</subfield></datafield><datafield ind1=" " ind2="0" tag="650"><subfield code="a">Vietnam War, 1961-1975</subfield><subfield code="x">Protest movements</subfield><subfield code="z">California</subfield><subfield code="v">Newspapers.</subfield></datafield><datafield ind1=" " ind2="0" tag="651"><subfield code="a">Berkeley (Calif.)</subfield><subfield code="v">Newspapers.</subfield></datafield><datafield ind1=" " ind2="0" tag="651"><subfield code="a">Alameda County (Calif.)</subfield><subfield code="v">Newspapers.</subfield></datafield><datafield ind1="2" ind2="7" tag="611"><subfield code="a">Vietnam War (1961-1975)</subfield><subfield code="2">fast</subfield><subfield code="0">(OCoLC)fst01431664</subfield></datafield><datafield ind1=" " ind2="7" tag="650"><subfield code="a">Protest movements.</subfield><subfield code="2">fast</subfield><subfield code="0">(OCoLC)fst01079826</subfield></datafield><datafield ind1=" " ind2="7" tag="651"><subfield code="a">California.</subfield><subfield code="2">fast</subfield><subfield code="0">(OCoLC)fst01204928</subfield></datafield><datafield ind1=" " ind2="7" tag="651"><subfield code="a">California</subfield><subfield code="z">Alameda County.</subfield><subfield code="2">fast</subfield><subfield code="0">(OCoLC)fst01205577</subfield></datafield><datafield ind1=" " ind2="7" tag="651"><subfield code="a">California</subfield><subfield code="z">Berkeley.</subfield><subfield code="2">fast</subfield><subfield code="0">(OCoLC)fst01205020</subfield></datafield><datafield ind1=" " ind2="7" tag="648"><subfield code="a">1961-1975</subfield><subfield code="2">fast</subfield></datafield><datafield ind1=" " ind2="7" tag="655"><subfield code="a">Newspapers.</subfield><subfield code="2">fast</subfield><subfield code="0">(OCoLC)fst01423814</subfield></datafield><datafield ind1="2" ind2=" " tag="710"><subfield code="a">Bay Area April 22 Coalition.</subfield></datafield><datafield ind1="2" ind2=" " tag="710"><subfield code="a">Asia Information Group.</subfield></datafield><datafield ind1=" " ind2=" " tag="752"><subfield code="a">United States</subfield><subfield code="b">California</subfield><subfield code="c">Alameda</subfield><subfield code="d">Berkeley.</subfield></datafield><datafield ind1="1" ind2=" " tag="775"><subfield code="t">War bulletin (Chicago, Ill. : Print)</subfield><subfield code="x">2471-4755</subfield><subfield code="w">(DLC)sn 95063009</subfield><subfield code="w">(OCoLC)17724003</subfield></datafield><datafield ind1="1" ind2=" " tag="776"><subfield code="t">War bulletin (Berkeley, Calif.)</subfield><subfield code="w">(OCoLC)2886894</subfield></datafield><datafield ind1="0" ind2="0" tag="785"><subfield code="t">Indochina bulletin (San Francisco, Calif.)</subfield><subfield code="x">2470-5438</subfield><subfield code="w">(DLC)  2014218528</subfield><subfield code="w">(OCoLC)17724097</subfield></datafield><datafield ind1="1" ind2=" " tag="029"><subfield code="a">AU@</subfield><subfield code="b">000011501832</subfield></datafield></record>